Product Title,Product Image,Pack Size,Price,Price Per Unit
Berg Brazilian Style Sausages 300g,https://www.aldi.com.au/fileadmin/_processed_/a/4/csm_W09_SUPER_SAVERS_MEAT_1x1__2e071d5b0e.jpg,300g,$3.69,$12.30 per kg
Huon Fresh Tasmanian Ocean Trout Skin On 460g,https://www.aldi.com.au/fileadmin/_processed_/7/a/csm_W09_SUPER_SAVERS_MEAT_1x1_2_31cce09c38.jpg,460g,$11.99,$26.07 per kg
Ingham’s Chicken and Corn Schnitzel 1kg,https://www.aldi.com.au/fileadmin/_processed_/f/2/csm_W09_SUPER_SAVERS_MEAT_1x1_3_e60a26ef24.jpg,1kg,$8.99,$8.99 per kg
KRC Pork Cordon Bleu 480g,https://www.aldi.com.au/fileadmin/_processed_/0/2/csm_W09_SUPER_SAVERS_MEAT_1x1_4_b1c3099204.jpg,480g,$8.99,$18.73 per kg
"Ready, Set…Cook! Beef & Cheese Meatballs 420g",https://www.aldi.com.au/fileadmin/_processed_/b/e/csm_W09_SUPER_SAVERS_MEAT_1x1_5_4f11e0965c.jpg,420g,$4.99,$11.98 per kg
Killarnee Lamb Rack per kg,https://www.aldi.com.au/fileadmin/_processed_/1/2/csm_ALN3197_FEB_SSV_1x1_228x128_3_da46821e07.jpg,kg,$19.99,$19.99 per kg
World Kitchen Pizza 510g,https://www.aldi.com.au/fileadmin/_processed_/3/2/csm_ALN3197_FEB_SSV_1x1_228x128_23_a22ed05b95.jpg,510g,$599,78c per 100g
Berg Deli Ham Off the Bone Shaved 150g,https://www.aldi.com.au/fileadmin/_processed_/a/b/csm_ALN3197_FEB_SSV_1x1_228x128_6_d56289ba49.jpg,150g,$3.49,$23.27 per kg
Berg Deli Ham Off the Bone 175g,https://www.aldi.com.au/fileadmin/_processed_/6/c/csm_ALN3197_FEB_SSV_1x1_228x128_5_56dda2a3e8.jpg,175g,$3.49,$19.94 per kg
Berg Sliced Mild Hungarian Salami 4 x 80g,https://www.aldi.com.au/fileadmin/_processed_/0/6/csm_ALN3197_FEB_SSV_1x1_228x128_7_c98330d21d.jpg,80g,5099,$15.59 per kg
Monarc Indulge Gourmet Ice Cream 1L,https://www.aldi.com.au/fileadmin/_processed_/4/2/csm_ALN3197_FEB_SSV_1x1_228x128_8_ddeae8990a.jpg,1L,c99,40c per 100ml
Urban Eats Turkish Gozleme 300g,https://www.aldi.com.au/fileadmin/_processed_/0/9/csm_ALN3197_FEB_SSV_1x1_228x128_9_0e68ee0b8b.jpg,300g,$3.99,$1.33 per 100g
Urban Eats Roti Paratha 8pk/640g,https://www.aldi.com.au/fileadmin/_processed_/3/4/csm_ALN3197_FEB_SSV_1x1_228x128_10_ec51f8b075.jpg,8pk/640g,5099,47c per 100g
Urban Eats Vegetable Gyoza 750g,https://www.aldi.com.au/fileadmin/_processed_/2/6/csm_ALN3197_FEB_SSV_1x1_228x128_11_b0c497a5c7.jpg,750g,c99,$1.07 per 100g
Urban Eats Pork Dumplings 750g,https://www.aldi.com.au/fileadmin/_processed_/d/1/csm_ALN3197_FEB_SSV_1x1_228x128_12_49d51c47f0.jpg,750g,$4.99,$1.07 per 100g
Asia Specialities Stir Fry Sauce 500g,https://www.aldi.com.au/fileadmin/_processed_/b/7/csm_ALN3197_FEB_SSV_1x1_228x128_13_b8eeb738ae.jpg,500g,$3.99,40c per 100g
Nestlé Milo 1.25kg,https://www.aldi.com.au/fileadmin/_processed_/b/8/csm_ALN3197_FEB_SSV_1x1_228x128_14_a5abbfdb67.jpg,1.25kg,7049,$1.00 per 100g
Hillcrest Muesli Bars 15pk/470g,https://www.aldi.com.au/fileadmin/_processed_/2/0/csm_ALN3197_FEB_SSV_1x1_228x128_15_R_0189a594d4.jpg,15pk/470g,c50,64c per 100g
Hillcrest Premium Muesli Bars 6pk/270g,https://www.aldi.com.au/fileadmin/_processed_/5/7/csm_ALN3197_FEB_SSV_1x1_228x128_16_a6697d84d7.jpg,6pk/270g,$3.99,$1.11 per 100g
Flying Power Energy Drink 250ml,https://www.aldi.com.au/fileadmin/_processed_/f/2/csm_ALN3197_FEB_SSV_1x1_228x128_17_e259c85602.jpg,250ml,5099,$3.16 per litre
Blackstone Vegetable Straws 110g,https://www.aldi.com.au/fileadmin/_processed_/f/e/csm_ALN3197_FEB_SSV_1x1_228x128_18_461ebf7217.jpg,110g,c99,$1.81 per 100g
Sweet Vine Coated Sultana 6pk/180g,https://www.aldi.com.au/fileadmin/_processed_/3/8/csm_ALN3197_FEB_SSV_1x1_228x128_19_006a14286e.jpg,6pk/180g,$2.69,$14.94 per kg
"Bakers Life Lower Carb, Higher Protein Bread 600g",https://www.aldi.com.au/fileadmin/_processed_/8/4/csm_ALN3197_FEB_SSV_1x1_228x128_20_47968101c3.jpg,600g,5049,75c per 100g
Bakers Life Lower Carb High Protein Burger Buns 2pk/140g,https://www.aldi.com.au/fileadmin/_processed_/0/6/csm_ALN3197_FEB_SSV_1x1_228x128_21_e28a7b2f37.jpg,2pk/140g,c49,$1.78 per 100g
Kaiora Bay Marlborough Reserve Sauvignon Blanc 2020 750ml,https://www.aldi.com.au/fileadmin/_processed_/5/c/csm_ALN3197_FEB_SSV_1x1_228x128_22_f82dc56936.jpg,750ml,$7.99,$9.98 per 100 gummies
Essential Health Adult’s Gummies 60pk,https://www.aldi.com.au/fileadmin/_processed_/8/b/csm_ALN3197_FEB_SSV_1x1_228x128_25_6a8cfec149.jpg,60pk,$199,$9.98 per 100 gummies
LACURA,https://www.aldi.com.au/fileadmin/_processed_/7/d/csm_ALN1075_SKIN_CARE_UPDATE_1x1_228x128_6_2dac99110b.jpg,LACURA,$7.99,$15.98 per 100ml
Market Fare Corn Cobs 1kg,https://www.aldi.com.au/fileadmin/_processed_/9/4/csm_ALN2853_AWARDS_FROZEN_FOOD_1x1_228x128__e655e9c06c.jpg,1kg,$2.59,see price in store*
Essentials BB Cream SPF 15 50ml,https://www.aldi.com.au/fileadmin/_processed_/7/d/csm_ALP0614_WEB_AUDIT_2Q_LACURA_1x1_128x228__7337596be1.jpg,50ml,$3.79,$2.53 per 100ml
LACURA,https://www.aldi.com.au/fileadmin/_processed_/e/9/csm_ALP0614_WEB_AUDIT_2Q_LACURA_1x1_128x228_2_238ffd9714.jpg,LACURA,$3.79,$2.53 per 100ml
Essentials Purify Exfoliating Wash 150ml,https://www.aldi.com.au/fileadmin/_processed_/1/6/csm_ALP0614_WEB_AUDIT_2Q_LACURA_1x1_128x228_3_41952414db.jpg,150ml,$3.79,$2.53 per 100ml
LACURA,https://www.aldi.com.au/fileadmin/_processed_/8/5/csm_ALC7782_THE_BLOCK_1x1_228x128_46_14b472b3c8.jpg,LACURA,$1.69,6c per wipe
Essentials Caring Cleansing Gel 150ml,https://www.aldi.com.au/fileadmin/_processed_/d/8/csm_ALC7782_THE_BLOCK_1x1_228x128_47_c420f81809.jpg,150ml,$1.69,6c per wipe
LACURA,https://www.aldi.com.au/fileadmin/_processed_/7/7/csm_ALN1075_SKIN_CARE_UPDATE_1x1_228x128_9_1dbf20698f.jpg,LACURA,$1.39,$1.74 per 100 rounds
Essentials Fine Balance Foaming Cleansing Gel 150ml,https://www.aldi.com.au/fileadmin/_processed_/6/a/csm_ALN1075_SKIN_CARE_UPDATE_1x1_228x128_10_2945f8c10b.jpg,150ml,9999,41c per 100 tips
LACURA,https://www.aldi.com.au/fileadmin/_processed_/5/c/csm_ALN1075_SKIN_CARE_UPDATE_1x1_228x128_11_f02b9d87a7.jpg,LACURA,c99,50c per unit
Dentitex Advanced Whitening Toothpaste,https://www.aldi.com.au/fileadmin/_processed_/9/3/csm_ALN2364-7_HEALTH_1x1_228x128__d9c1a69508.jpg,Toothpaste,$1.79,$1.28 per 100g
Market Fare Corn Kernels 1kg,https://www.aldi.com.au/fileadmin/_processed_/a/2/csm_ALN2853_AWARDS_FROZEN_FOOD_1x1_228x128_2_b2bba5422e.jpg,1kg,$1.99,$2.59 per kg
Market Fare Garden Peas 1kg,https://www.aldi.com.au/fileadmin/_processed_/4/a/csm_ALN2853_AWARDS_FROZEN_FOOD_1x1_228x128_3_591795a34d.jpg,1kg,$2.99,$1.99 per kg
Market Fare Baby Peas 1kg,https://www.aldi.com.au/fileadmin/_processed_/a/5/csm_ALN2853_FROZEN_FOOD_1x1_228x128__772adc84e0.jpg,1kg,$2.79,$2.99 per kg
"Market Fare Peas, Carrots & Corn 1kg",https://www.aldi.com.au/fileadmin/_processed_/a/b/csm_ALN2853_AWARDS_FROZEN_FOOD_1x1_228x128_4_32b4dc35ff.jpg,1kg,$1.99,$2.79 per kg
Market Fare Green Beans 1kg,https://www.aldi.com.au/fileadmin/_processed_/f/0/csm_ALN2853_AWARDS_FROZEN_FOOD_1x1_228x128_5_728efad4f0.jpg,1kg,$2.29,$1.99 per kg
Market Fare Broccoli 500g,https://www.aldi.com.au/fileadmin/_processed_/c/b/csm_ALN2853_AWARDS_FROZEN_FOOD_1x1_228x128_6_31d847d825.jpg,500g,8949,$4.58 per kg
Market Fare Spinach 250g,https://www.aldi.com.au/fileadmin/_processed_/a/d/csm_ALN2853_AWARDS_FROZEN_FOOD_1x1_228x128_7_e00448fa4c.jpg,250g,c79,$3.56 per kg
Market Fare Zucchini Noodles 340g,https://www.aldi.com.au/fileadmin/_processed_/8/a/csm_ALN2853_FROZEN_FOOD_1x1_228x128_6_95b755bb96.jpg,340g,$3.19,$10.26 per kg
Market Fare Winter Vegetables 1kg,https://www.aldi.com.au/fileadmin/_processed_/f/a/csm_ALN2364_AWARDS_FROZEN_FOOD_1x1_228x128_10_9729780f9e.jpg,1kg,$2.99,$2.79 per kg
Market Fare Stir Fry Vegetables 850g,https://www.aldi.com.au/fileadmin/_processed_/d/3/csm_ALN2853_FROZEN_FOOD_1x1_228x128_2_b87e9b8cb1.jpg,850g,$3.99,$3.75 per kg
Market Fare Cauliflower or Broccoli Bake 800g,https://www.aldi.com.au/fileadmin/_processed_/b/6/csm_ALN2853_AWARDS_FROZEN_FOOD_1x1_228x128_8_b9622172af.jpg,800g,$4.99,$6.24 per kg
The Best Margherita Pizza Ever 365g,https://www.aldi.com.au/fileadmin/_processed_/f/5/csm_ALN2626_MARGHERITA_PIZZA_1x1_228x128_663241c472.jpg,365g,$4.49,$1.37 per 100g
International Cuisine Supreme Family Pizza 500g,https://www.aldi.com.au/fileadmin/_processed_/7/3/csm_ALN2364_FROZEN_FOOD_1x1_228x128__218af1f32e.jpg,500g,$2.69,59c per 100g
International Cuisine Beef Lasagne 2kg,https://www.aldi.com.au/fileadmin/_processed_/9/f/csm_ALN2853_FROZEN_FOOD_1x1_228x128_9_820f46bccd.jpg,2kg,$8.99,43c per 100g
Essentials Fine Balance Cleansing Wipes 30pk,https://www.aldi.com.au/fileadmin/_processed_/9/1/csm_ALN2147_Q4_SKIN-CARE_1x1_228x128_9_93889e4a72.jpg,30pk,$3.99,$66.60/100ml
LACURA,https://www.aldi.com.au/fileadmin/_processed_/7/9/csm_ALN2147_Q4_SKIN-CARE_1x1_228x128_10_7ffbef2e32.jpg,LACURA,$9.99,$66.60/100ml
Essentials Caring Cleansing Wipes 30pk,https://www.aldi.com.au/fileadmin/_processed_/6/8/csm_ALN2147_Q4_SKIN-CARE_1x1_228x128__4a518097a6.jpg,30pk,$9.99,$15.98 per 100ml
LACURA,https://www.aldi.com.au/fileadmin/_processed_/e/6/csm_ALN2147_Q4_SKIN-CARE_1x1_228x128_4_bd338d37dd.jpg,LACURA,$7.99,$15.98 per 100ml
Essentials Make Up Rounds 80pk,https://www.aldi.com.au/fileadmin/_processed_/9/0/csm_ALN2147_Q4_SKIN-CARE_1x1_228x128_5_e8df2a9cb8.jpg,80pk,$7.99,$15.98 per 100ml
LACURA,https://www.aldi.com.au/fileadmin/_processed_/0/8/csm_ALN2364_AWARDS_HEALTH-AND-BEAUTY_1x1_228x128__062953c66a.jpg,LACURA,$7.99,$21.98 per 100ml
Essentials Cotton Tips 240pk,https://www.aldi.com.au/fileadmin/_processed_/8/f/csm_ALN2364_AWARDS_HEALTH-AND-BEAUTY_1x1_228x128_2_528fdaf309.jpg,240pk,$10.69,$21.98 per 100ml
Dentitex Sensitive Plus Whitening Toothpaste,https://www.aldi.com.au/fileadmin/_processed_/6/2/csm_ALN2364-7_HEALTH_1x1_228x128_5_684b45adc5.jpg,Toothpaste,$4.49,$4.08 per 100g
Dentitex Interdental Pro Toothbrush 2pk,https://www.aldi.com.au/fileadmin/_processed_/b/6/csm_ALN2853_HEALTH_1x1_228x128_4_5cb4d06f7a.jpg,2pk,$1.99,$1.00 per unit
Dentitex Orbit Toothbrush 2pk,https://www.aldi.com.au/fileadmin/_processed_/3/a/csm_ALN2364-7_HEALTH_1x1_228x128_3_e4b1c3337d.jpg,2pk,$2.99,$1.50 per unit
Dentitex Mouthwash 1L,https://www.aldi.com.au/fileadmin/_processed_/7/8/csm_ALN2853_HEALTH_1x1_228x128_5_90b70c5e97.jpg,1L,$4.19,42c per 100mL
Dentitex Mouthwash 500ml,https://www.aldi.com.au/fileadmin/_processed_/2/1/csm_ALN3077_HEALTH_1x1_228x128_be3f781b52.jpg,500ml,$3.49,70c per ml
Essential Health Paw Paw Ointment,https://www.aldi.com.au/fileadmin/_processed_/9/0/csm_ALN2364-7_HEALTH_1x1_228x128_6_678cce7213.jpg,Ointment,$2.79,$11.16 per 100g
Green Action Eucalyptus Oil 100ml,https://www.aldi.com.au/fileadmin/_processed_/0/d/csm_ALN2853_HEALTH_1x1_228x128_2_52ddfb3258.jpg,100ml,$6.99,$6.99 per 100ml
Hedafen Ibuprofen 24pk,https://www.aldi.com.au/fileadmin/_processed_/e/e/csm_ALN2364-7_HEALTH_1x1_228x128_7_5e19cb1d8b.jpg,24pk,$1.49,6c per tablet
Hedafen Ibuprofen Liquid Capsules 20pk,https://www.aldi.com.au/fileadmin/_processed_/2/b/csm_ALN2364-7_HEALTH_1x1_228x128_8_d5b131d4a1.jpg,20pk,$2.39,12c per capsule
Hedanol Paracetamol Capsule Shaped Tablets 20pk,https://www.aldi.com.au/fileadmin/_processed_/a/5/csm_ALN2364-7_HEALTH_1x1_228x128_9_c613cd50e7.jpg,20pk,6949,3c per tablet
Essential Health Effervescents 15pk,https://www.aldi.com.au/fileadmin/_processed_/c/3/csm_ALN2364-7_HEALTH_1x1_228x128_10_586cc47052.jpg,15pk,c49,30c per tablet
Essential Health Electrolytes 20pk,https://www.aldi.com.au/fileadmin/_processed_/9/3/csm_ALN2853_HEALTH_1x1_228x128__9c3f4c0792.jpg,20pk,$4.99,27c per tablet
LACURA,https://www.aldi.com.au/fileadmin/_processed_/f/8/csm_ALC7782_THE_BLOCK_1x1_228x128_49_b2fd8e8bc4.jpg,LACURA,$10.99,6c per wipe
Essentials Women's Comfort Touch 3 Blade Disposable Razors 8pk,https://www.aldi.com.au/fileadmin/_processed_/3/f/csm_ALN2364_AWARDS_HEALTH-AND-BEAUTY_1x1_228x128_3_143a22473a.jpg,8pk,$1.99,$36.63 per 100ml
LACURA,https://www.aldi.com.au/fileadmin/_processed_/2/b/csm_ALN2364_AWARDS_HEALTH-AND-BEAUTY_1x1_228x128_4_c9cee72591.jpg,LACURA,$10.99,$36.63 per 100ml
Skin Science Renew Expert Double Effect Eye Gel 15ml,https://www.aldi.com.au/fileadmin/_processed_/5/d/csm_ALN1075_SKIN_CARE_UPDATE_1x1_228x128_42_6f40505af1.jpg,15ml,$10.99,$73.27 per 100ml
LACURA,https://www.aldi.com.au/fileadmin/_processed_/7/c/csm_ALN2147_Q4_SKIN-CARE_1x1_228x128_11R_1ab1f158f5.jpg,LACURA,$10.99,$21.98 per 100ml
Skin Science Renew Expert Wrinkle Smoother 15ml,https://www.aldi.com.au/fileadmin/_processed_/2/d/csm_ALN2147_Q4_SKIN-CARE_1x1_228x128_12_2d6de1ed9e.jpg,15ml,$10.99,$21.98 per 100ml
LACURA,https://www.aldi.com.au/fileadmin/_processed_/8/4/csm_ALN2147_Q4_SKIN-CARE_1x1_228x128_13_ce5f78dd18.jpg,LACURA,$10.99,$73.27 per 100ml
Skin Science Renew Day Cream SPF 15 50ml,https://www.aldi.com.au/fileadmin/_processed_/f/d/csm_ALN2147_Q4_SKIN-CARE_1x1_228x128_6_19bbb35ab4.jpg,50ml,$10.99,$15.98 per 100ml
LACURA,https://www.aldi.com.au/fileadmin/_processed_/8/8/csm_ALN2147_Q4_SKIN-CARE_1x1_228x128_8_e00377d4f7.jpg,LACURA,$7.99,$15.98 per 100ml
Skin Science Renew Night Cream 50ml,https://www.aldi.com.au/fileadmin/_processed_/1/e/csm_ALN2147_Q4_SKIN-CARE_1x1_228x128_7_34e3505580.jpg,50ml,$7.69,$15.98 per 100ml
LACURA,https://www.aldi.com.au/fileadmin/_processed_/6/d/csm_ALC7782_THE_BLOCK_1x1_228x128_48_bd33cd66a1.jpg,LACURA,$7.99,6c per wipe
Skin Science Renew Serum 50ml,https://www.aldi.com.au/fileadmin/_processed_/e/8/csm_ALN1075_SKIN_CARE_UPDATE_1x1_228x128_25_76e9bdcba0.jpg,50ml,$1.99,$3.99 per 100ml
LACURA,https://www.aldi.com.au/fileadmin/_processed_/1/b/csm_ALN1075_SKIN_CARE_UPDATE_1x1_228x128_26_20d4d20ddc.jpg,LACURA,$5.99,$3.99 per 100ml
Skin Science Renew Expert Day Cream SPF 15 50ml,https://www.aldi.com.au/fileadmin/_processed_/7/6/csm_ALN1075_SKIN_CARE_UPDATE_1x1_228x128_27_6a0455746a.jpg,50ml,$5.99,$3.99 per 100ml
Essential Health First Aid Strips Plastic 100pk / Fabric 50pk,https://www.aldi.com.au/fileadmin/_processed_/6/4/csm_ALN2364-7_HEALTH_1x1_228x128_11_a6de138e71.jpg,50pk,$5.99,2c-4c per strip
Essential Health Meal Replacement Shakes,https://www.aldi.com.au/fileadmin/_processed_/0/e/csm_ALN2364-7_HEALTH_1x1_228x128_12_2e957e4443.jpg,Shakes,$1.49,$3.62 per 100g
Essential Health Protein Bar 30g,https://www.aldi.com.au/fileadmin/_processed_/0/3/csm_ALN2364-7_HEALTH_1x1_228x128_13_8e8f2dd529.jpg,30g,$1.99,$4.97 per 100g
Gluten Free Penne 500g,https://www.aldi.com.au/fileadmin/_processed_/6/b/csm_ALN2147_Q4_GLUTEN-FREE_1x1_228x128_4_c0a7d00059.jpg,500g,$2.29,46c per 100g
Gluten Free Spirals 500g,https://www.aldi.com.au/fileadmin/_processed_/6/0/csm_ALN3077_GLUTEN-FREE_1x1_228x128__7ce49aa2e0.jpg,500g,$2.29,46c per 100g
Gluten Free Corn Flakes 375g,https://www.aldi.com.au/fileadmin/_processed_/5/4/csm_ALN1075_1x1_GF_228x128__9e8add9131.jpg,375g,$2.99,80c per 100g
Gluten Free Cocoa Puffs 475g,https://www.aldi.com.au/fileadmin/_processed_/b/3/csm_ALN1075_1x1_GF_228x128_2_150eb74508.jpg,475g,$2.99,63c per 100g
Gluten Free Plain Flour 500g,https://www.aldi.com.au/fileadmin/_processed_/7/6/csm_ALN2147_Q4_GLUTEN-FREE_1x1_228x128_5_f6210b29c2.jpg,500g,$2.29,$4.58 per kg
Gluten Free Self Raising Flour 500g,https://www.aldi.com.au/fileadmin/_processed_/1/8/csm_ALN2147_Q4_GLUTEN-FREE_1x1_228x128_6_a60df0943b.jpg,500g,$2.29,$4.58 per kg
Gluten Free Spaghetti 500g,https://www.aldi.com.au/fileadmin/_processed_/f/a/csm_ALN2147_Q4_GLUTEN-FREE_1x1_228x128_3_2c8abe4d74.jpg,500g,$2.29,46c per 100g
Has No Gluten Free Biscuits 180g,https://www.aldi.com.au/fileadmin/_processed_/7/0/csm_ALN2805-1_SS_1x1_228x128_SEPTEMBER_10_38e0ccad49.jpg,180g,$2.79,$1.55 per 100g
Has No Gluten Free Coconut Macaroons 160g,https://www.aldi.com.au/fileadmin/_processed_/1/f/csm_ALN2805-1_SS_1x1_228x128_SEPTEMBER_11_33e261d175.jpg,160g,$2.49,$1.56 per 100g
Trimat Advanced Laundry Liquid 2L – Regular,https://www.aldi.com.au/fileadmin/_processed_/b/b/csm_ALN3077_LAUNDRY_1x1_228x128_4_c7db956e29.jpg,Regular,$7.99,$4 per litre
Expressi Organic,https://www.aldi.com.au/fileadmin/_processed_/9/9/csm_ALN2853_EXPRESSI_COFFEE_1x1_228x128_2_5c3430b56b.jpg,Organic,$5.99,37c per capsule
Choceur Caramel Filled Milk Chocolate Block 200g,https://www.aldi.com.au/fileadmin/_processed_/6/a/csm_ALN2460_Q3_WEB_AUDIT_Chocolate__1x1_228x128_3_e67dcf7a07.jpg,200g,$2.99,$1.50 per 100g
Blackstone Paddock Barossa Valley Shiraz 750ml,https://www.aldi.com.au/fileadmin/_processed_/8/2/csm_ALN2364_AWARDS_WINE_1x1_228x128_25_b36c1fff42.jpg,750ml,$17.99,see price in store*
Just Organic Pasta Sauces 500g,https://www.aldi.com.au/fileadmin/_processed_/9/f/csm_ALN2745_Q2_WEB_AUDIT__JUST-ORGANIC__1x1_228x128_1_a02c6a78fe.jpg,500g,$2.49,50c per 100g
Trimat Advanced Laundry Liquid 2L – Sensitive,https://www.aldi.com.au/fileadmin/_processed_/e/7/csm_ALN3077_LAUNDRY_1x1_228x128_5_f88ed1f1dd.jpg,Sensitive,$7.99,$4 per litre
Almat Laundry Powder Concentrate 2kg,https://www.aldi.com.au/fileadmin/_processed_/8/6/csm_ALN2364_AWARDS_HOME_CLEANING_1x1_228x128_9_e4de55715b.jpg,2kg,$4.99,$2.50 per kg
Almat Laundry Liquid Concentrate 2L,https://www.aldi.com.au/fileadmin/_processed_/a/8/csm_ALN3077_LAUNDRY_1x1_228x128_3_b60ed568a8.jpg,2L,$4.99,$2.50 per litre
Di San Pre Wash Stain Remover 500ml – Degreaser,https://www.aldi.com.au/fileadmin/_processed_/e/f/csm_ALN2364_AWARDS_HOME_CLEANING_1x1_228x128_3_ff4a4ad151.jpg,Degreaser,$3.69,$3.69 per Litre
Di San Laundry Sanitiser 1L,https://www.aldi.com.au/fileadmin/_processed_/2/f/csm_ALN2362_Di_San_Laundry_Sanitiser_1L_1x1_228x128_0f2461ae49.jpg,1L,$3.59,$3.59 per litre
Anco Soft Fabric Softener 4x Concentrate 1L,https://www.aldi.com.au/fileadmin/_processed_/9/5/csm_ALN3077_LAUNDRY_1x1_228x128_2_fb4e788e95.jpg,1L,9979,$3.96 per Litre
Anco Soft Fabric Softener Concentrate 250ml,https://www.aldi.com.au/fileadmin/_processed_/5/7/csm_ALN2147_Q4_LAUNDRY_1x1_228x128_2_da728c616f.jpg,250ml,c99,$1.40 per Litre
Anco Soft Fabric Softener 2L,https://www.aldi.com.au/fileadmin/_processed_/6/1/csm_ALN3077_LAUNDRY_1x1_228x128__7358bf01ff.jpg,2L,$2.99,$1.99 per litre
Green Action Laundry Liquid 1L,https://www.aldi.com.au/fileadmin/_processed_/f/8/csm_ALN2230_Q1_LAUNDRY_1x1_228x128_7_2a94549594.jpg,1L,$1.49,$1.99 per litre
Green Action Wool Wash 1L,https://www.aldi.com.au/fileadmin/_processed_/1/9/csm_ALN2230_Q1_LAUNDRY_1x1_228x128_6_c3c49badde.jpg,1L,$1.69,0.75c per Litre
Expressi Calabrese,https://www.aldi.com.au/fileadmin/_processed_/3/2/csm_ALN2853_EXPRESSI_COFFEE_1x1_228x128_3_c2752b84ae.jpg,Calabrese,$5.99,37c per capsule
Expressi Abruzzo,https://www.aldi.com.au/fileadmin/_processed_/9/b/csm_ALN2853_EXPRESSI_COFFEE_1x1_228x128_4_d0ff45e335.jpg,Abruzzo,$5.99,37c per capsule
Expressi La Spezia,https://www.aldi.com.au/fileadmin/_processed_/e/1/csm_ALN2853_EXPRESSI_COFFEE_1x1_228x128_5_d0eb83dd77.jpg,Spezia,$5.99,37c per capsule
Expressi Torino,https://www.aldi.com.au/fileadmin/_processed_/b/9/csm_ALN2853_EXPRESSI_COFFEE_1x1_228x128_6_b69b12b766.jpg,Torino,$5.99,37c per capsule
Expressi Milano,https://www.aldi.com.au/fileadmin/_processed_/b/b/csm_ALN2853_EXPRESSI_COFFEE_1x1_228x128_7_75f08ce36c.jpg,Milano,$5.99,37c per capsule
Expressi Reggio,https://www.aldi.com.au/fileadmin/_processed_/0/5/csm_ALN2853_EXPRESSI_COFFEE_1x1_228x128_8_18bb2d058a.jpg,Reggio,$5.99,37c per capsule
Expressi Renzo,https://www.aldi.com.au/fileadmin/_processed_/5/9/csm_ALN2853_EXPRESSI_COFFEE_1x1_228x128_9_f507d53211.jpg,Renzo,$5.99,37c per capsule
Expressi Decaffi,https://www.aldi.com.au/fileadmin/_processed_/a/b/csm_ALN2853_EXPRESSI_COFFEE_1x1_228x128_10_7b082d8bdd.jpg,Decaffi,$5.99,37c per capsule
Expressi Valletta,https://www.aldi.com.au/fileadmin/_processed_/8/a/csm_ALN2853_EXPRESSI_COFFEE_1x1_228x128_11_38cdb4d692.jpg,Valletta,$5.99,37c per capsule
Expressi Tauro,https://www.aldi.com.au/fileadmin/_processed_/8/9/csm_ALN2853_EXPRESSI_COFFEE_1x1_228x128_12_cac6acf61a.jpg,Tauro,$5.99,37c per capsule
Expressi Intenzo,https://www.aldi.com.au/fileadmin/_processed_/4/f/csm_ALN2853_EXPRESSI_COFFEE_1x1_228x128_15_fa0e3d4bd8.jpg,Intenzo,$5.99,37c per capsule
Expressi Rich Hot Chocolate,https://www.aldi.com.au/fileadmin/_processed_/2/e/csm_ALN2364_EXPRESSI_COFFEE_1x1_228x128_13_4956abdbab.jpg,Chocolate,$5.99,37c per capsule
Just Organic Extra Virgin Olive Oil 500ml,https://www.aldi.com.au/fileadmin/_processed_/5/7/csm_ALN2230_Q1_OLIVE_OIL_1x1_228x128__a535a40aec.jpg,500ml,$4.69,94c per 100ml
Choceur Milk & White Chocolate Block 200g,https://www.aldi.com.au/fileadmin/_processed_/c/8/csm_ALN2460_Q3_WEB_AUDIT_Chocolate__1x1_228x128_4_78dbbba64b.jpg,200g,$2.99,$1.50 per 100g
Choceur Salted Pretzel Chocolate Block 200g,https://www.aldi.com.au/fileadmin/_processed_/4/f/csm_ALN2460_Q3_WEB_AUDIT_Chocolate__1x1_228x128_5_659698b53b.jpg,200g,$2.99,$1.50 per 100g
Choceur Coffee & Cream Chocolate Block 200g,https://www.aldi.com.au/fileadmin/_processed_/a/0/csm_ALN1075_1x1_CHOCOLATE_228x128_3_4821d9e789.jpg,200g,$2.99,$1.50 per 100g
Choceur Milk Hazelnut Chocolate Block 200g,https://www.aldi.com.au/fileadmin/_processed_/2/a/csm_ALN1075_1x1_CHOCOLATE_228x128__eb415d998d.jpg,200g,$2.99,$1.50 per 100g
Choceur Dark Hazelnut Chocolate Block 200g,https://www.aldi.com.au/fileadmin/_processed_/1/0/csm_ALC7929_Choceur_Range_1x1_228x128_2_94a3b1e04e.jpg,200g,$2.99,$1.50 per 100g
Choceur Fruit & Nut Chocolate Block 200g,https://www.aldi.com.au/fileadmin/_processed_/c/f/csm_ALC7929_Choceur_Range_1x1_228x128_4_d70e55dc3a.jpg,200g,$2.99,$1.50 per 100g
Choceur White Chocolate Block 200g,https://www.aldi.com.au/fileadmin/_processed_/7/c/csm_ALC7929_Choceur_Range_1x1_228x128_7_0ad82064c2.jpg,200g,$2.99,$1.50 per 100g
Choceur Rum Raisin & Nut Chocolate Block 200g,https://www.aldi.com.au/fileadmin/_processed_/8/0/csm_ALC7929_Choceur_Range_1x1_228x128_5_e9f7b644ce.jpg,200g,$2.99,$1.50 per 100g
Choceur Milk Chocolate Block 200g,https://www.aldi.com.au/fileadmin/_processed_/6/d/csm_ALC7929_Choceur_Range_1x1_228x128_16_290ff7d341.jpg,200g,$2.99,$1.50 per 100g
Blackstone Paddock “The Player” Barossa Valley Shiraz 750ml,https://www.aldi.com.au/fileadmin/_processed_/d/1/csm_ALN2364_AWARDS_WINE_1x1_228x128_28_311a11399e.jpg,750ml,$12.99,see price in store*
Just Organic Passata 690g,https://www.aldi.com.au/fileadmin/_processed_/3/a/csm_ALN2230_Q1_ORGANIC_1x1_228x128_3_fb7f52bc89.jpg,690g,$2.09,30c per 100g
Just Organic Penne Pasta 500g,https://www.aldi.com.au/fileadmin/_processed_/0/7/csm_ALN2460_Q3_WEB_AUDIT_Just_Organic__1x1_228x128_5_8820d95ba9.jpg,500g,$1.59,32c per 100g
Just Organic Baked Beans in Tomato Sauce 420g,https://www.aldi.com.au/fileadmin/_processed_/7/f/csm_ALN2745_Q2_WEB_AUDIT__JUST-ORGANIC__1x1_228x128_2_51595ce338.jpg,420g,9549,23c per 100g
Just Organic Quinoa – White or Tricolour 500g,https://www.aldi.com.au/fileadmin/_processed_/f/0/csm_ALN2670_Q1_WEB_AUDIT__JUST_ORGANIC__1x1_228x128__06fd270707.jpg,500g,c49,$1.00 per 100g
Just Organic Green Tea 50pk/75g,https://www.aldi.com.au/fileadmin/_processed_/b/c/csm_ALN2460_Q3_WEB_AUDIT_Just_Organic__1x1_228x128_2_1c4b59e61c.jpg,50pk/75g,$6.49,$3.32 per 100g
Just Organic Rooibos Tea 50pk/80g,https://www.aldi.com.au/fileadmin/_processed_/d/9/csm_ALN2460_Q3_WEB_AUDIT_Just_Organic__1x1_228x128_3_f01fe6955f.jpg,50pk/80g,$2.49,$3.11 per 100g
Just Organic Black Tea 50pk/100g,https://www.aldi.com.au/fileadmin/_processed_/f/e/csm_ALN2460_Q3_WEB_AUDIT_Just_Organic__1x1_228x128_4_18d9d12601.jpg,50pk/100g,$2.49,$2.49 per 100g
Organic Kombucha – Ginger & Lemon 330ml,https://www.aldi.com.au/fileadmin/_processed_/3/9/csm_ALN2230_Q1_ORGANIC_1x1_228x128_7_f1030b5e05.jpg,330ml,$2.49,$6.03 per litre
Organic Kombucha – Raspberry & Lemon 330ml,https://www.aldi.com.au/fileadmin/_processed_/4/a/csm_ALN2218_Q2_Just_Organic_Kombucha_Raspberry_Lemon_330ml_1x1_228x128_56311b0a66.jpg,330ml,$2.29,$6.03 per litre
Mamia Baby Fruit 4 Months+ 120g,https://www.aldi.com.au/fileadmin/_processed_/f/2/csm_ALN2460_Q3_WEB_AUDIT_Babycare__1x1_228x128_05849678b9.jpg,120g,8979,74c per 100g
Remano Olive Oil / Mild Olive Oil 1L,https://www.aldi.com.au/fileadmin/_processed_/b/a/csm_ALN1075_OLIVE-OIL_1x1_228x128_3_01_903bd437f6.jpg,1L,$5.99,60c per 100ml
The Olive Tree Australian Extra Virgin Olive Oil Spray 225g,https://www.aldi.com.au/fileadmin/_processed_/f/b/csm_ALN1726-3_1x1_OLIVE-OIL_228x128__1ed3ae0fb0.jpg,225g,$2.99,$1.33 per 100g
The Olive Tree Australian Extra Virgin Olive Oil 1L – Classic,https://www.aldi.com.au/fileadmin/_processed_/4/b/csm_ALN2364_AWARDS_OILS-SAUCES_1x1_228x128__905cf88253.jpg,Classic,$8.99,90c per 100ml
The Olive Tree Australian Extra Virgin Olive Oil 3L,https://www.aldi.com.au/fileadmin/_processed_/6/9/csm_ALN2364_AWARDS_OILS-SAUCES_1x1_228x128_2_97c6e8fa85.jpg,3L,$23.99,80c per 100ml
Remano Extra Virgin Olive Oil 3.78L,https://www.aldi.com.au/fileadmin/_processed_/5/4/csm_ALN1136_1x1_OIL_228x128_3_ad13e61490.jpg,3.78L,$19.99,53c per 100ml
Cobram Estate  Australia Extra Virgin Olive Oil 500ml,https://www.aldi.com.au/fileadmin/_processed_/f/c/csm_ALN1075_OLIVE-OIL_1x1_228x128_3_2e4e733cf5.jpg,500ml,$7.99,$1.60 per 100ml
Choceur Dark Chocolate Block 200g,https://www.aldi.com.au/fileadmin/_processed_/7/2/csm_ALC7929_Choceur_Range_1x1_228x128_15_c9eb465d0b.jpg,200g,$2.99,$1.50 per 100g
Choceur Milk Almond Chocolate Block 200g,https://www.aldi.com.au/fileadmin/_processed_/f/2/csm_ALC7929_Choceur_Range_1x1_228x128__e3419fff68.jpg,200g,$2.99,$1.50 per 100g
Choceur Dark Almond Chocolate Block 200g,https://www.aldi.com.au/fileadmin/_processed_/2/e/csm_ALN1075_1x1_CHOCOLATE_228x128_9_9f99d831fc.jpg,200g,$2.99,$1.50 per 100g
Hazelnut Crème Mini Chocolate Bars 5 x 40g,https://www.aldi.com.au/fileadmin/_processed_/a/f/csm_ALN1075_1x1_CHOCOLATE_228x128_6_c1be250e10.jpg,40g,$2.99,$1.50 per 100g
Milk Mini Chocolate Bars 5 x 40g,https://www.aldi.com.au/fileadmin/_processed_/c/e/csm_ALC7929_Choceur_Range_1x1_228x128_9_ce5fd0c5ec.jpg,40g,$2.99,$1.50 per 100g
Dark Mini Chocolate Bars 5 x 40g,https://www.aldi.com.au/fileadmin/_processed_/c/0/csm_ALC7929_Choceur_Range_1x1_228x128_10_f0b10f2f56.jpg,40g,$2.99,$1.50 per 100g
MAMIA® Unisex Newborn Nappies,https://www.aldi.com.au/fileadmin/_processed_/2/7/csm_ALN3077_AWARD_NAPPIES_1x1_228x128__f9bd3e8363.jpg,Nappies,$3.99,14c per nappy
Power Force Gel Toilet Discs 75ml,https://www.aldi.com.au/fileadmin/_processed_/0/4/csm_ALN2364_AWARDS_HOME_CLEANING_1x1_228x128__df81e22722.jpg,75ml,$4.99,$6.65 per 100ml
Just Organic Apple Cider Vinegar 500ml,https://www.aldi.com.au/fileadmin/_processed_/0/b/csm_ALN2230_Q1_ORGANIC_1x1_228x128_9_13ebed85c3.jpg,500ml,$2.79,66c per 100ml
Just Organic UHT Milk 1L,https://www.aldi.com.au/fileadmin/_processed_/c/f/csm_ALN2619_Q4_WEB_AUDIT_JUST_ORGANIC_1x1_228x128__5beb2e3fe6.jpg,1L,$3.49,$1.79 per litre
Just Organic UHT Soy Milk 1L,https://www.aldi.com.au/fileadmin/_processed_/e/1/csm_ALN2218_Q2_Just_Organic_UHT_Soy_milk_1L_1x1_228x128_76d25f9005.jpg,1L,$1.99,$1.49 per litre
Just Organic Natural Yogurt 1kg,https://www.aldi.com.au/fileadmin/_processed_/4/5/csm_ALN2218_Q2_Just_Organic_Natural_Yoghurt_1kg_1x1_228x128_b88be6036a.jpg,1kg,$1.49,50c per 100g
Just Organic Natural Yogurt 500g,https://www.aldi.com.au/fileadmin/_processed_/1/7/csm_ALN2619_Q4_WEB_AUDIT_JUST_ORGANIC_1x1_228x128_2_57aa47f732.jpg,500g,$4.99,70c per 100g
Just Organic Vanilla Bean Yogurt 1kg,https://www.aldi.com.au/fileadmin/_processed_/5/4/csm_ALN2218_Q2_Just_Organic_Vanilla_Bean_Yoghurt_1kg_1x1_228x128_012c537839.jpg,1kg,$3.99,50c per 100g
Just Organic Brie 125g,https://www.aldi.com.au/fileadmin/_processed_/c/2/csm_ALN2362_Just_Organic_Brie_125g_1x1_228x128_53fe03b357.jpg,125g,$4.49,$31.92 per kg
Just Organic Granola 500g Berry,https://www.aldi.com.au/fileadmin/_processed_/3/c/csm_ALN2218_Q2_Just_Organic_Granola_500g_Berry_1x1_228x128_01_2a453ebad6.jpg,Berry,$3.49,90c per 100g
Mamia Baby’s First Breakfast 4mth+ Fruit & Cereal,https://www.aldi.com.au/fileadmin/_processed_/8/5/csm_ALN1726-2_1x1_BABYCARE_228x128__e191cf1e0e.jpg,Cereal,c79,74c per 100g
White Mini Chocolate Bars 5 x 40g,https://www.aldi.com.au/fileadmin/_processed_/0/f/csm_ALC7929_Choceur_Range_1x1_228x128_11_08d4103b5c.jpg,40g,$2.99,$1.50 per 100g
Hazelnut Mini Chocolate Bars 5 x 40g,https://www.aldi.com.au/fileadmin/_processed_/d/e/csm_ALN1075_1x1_CHOCOLATE_228x128_2_e2975ef762.jpg,40g,$2.99,$1.50 per 100g
Marzipan Mini Chocolate Bars 5 x 40g,https://www.aldi.com.au/fileadmin/_processed_/f/3/csm_ALC7929_Choceur_Range_1x1_228x128_13_49d4fa7114.jpg,40g,$2.99,$1.50 per 100g
White Crisp Mini Chocolate Bars 5 x 40g,https://www.aldi.com.au/fileadmin/_processed_/1/e/csm_ALC7929_Choceur_Range_1x1_228x128_12_52a1f5a870.jpg,40g,$2.99,$1.50 per 100g
Choceur Mountain Bar 100g,https://www.aldi.com.au/fileadmin/_processed_/5/c/csm_ALN2230_Q1_CHOCOLATE_1x1_228x128__b9f35aa6ba.jpg,100g,$1.99,$1.99 per 100g
MAMIA® Unisex Infant Nappies 4kg-8kg 56pk,https://www.aldi.com.au/fileadmin/_processed_/4/e/csm_ALN3077_AWARD_NAPPIES_1x1_228x128_2_9895863bf6.jpg,56pk,$9.99,18c per nappy
MAMIA® Unisex Crawler Nappies 6kg-11kg 56pk,https://www.aldi.com.au/fileadmin/_processed_/6/d/csm_ALN3077_AWARD_NAPPIES_1x1_228x128_3_3e8bd649f8.jpg,56pk,$9.99,18c per nappy
MAMIA® Unisex Toddler Nappies 10kg-15kg 50pk,https://www.aldi.com.au/fileadmin/_processed_/7/5/csm_ALN3077_AWARD_NAPPIES_1x1_228x128_4_4488933568.jpg,50pk,$9.99,20c per nappy
MAMIA® Unisex Walker Nappies 13kg-18kg 44pk,https://www.aldi.com.au/fileadmin/_processed_/b/3/csm_ALN3077_AWARD_NAPPIES_1x1_228x128_5_24d1115ec7.jpg,44pk,$9.99,23c per nappy
Power Force Anti Bac Plus Surface Spray Disinfectant 300g,https://www.aldi.com.au/fileadmin/_processed_/3/4/csm_ALN2619_Q4_WEB_AUDIT_HOUSEHOLD_1x1_228x128_7_R_79e17b707d.jpg,300g,$3.69,$1.23 per 100g
Logix Complete Dishwashing Tablets 30pk,https://www.aldi.com.au/fileadmin/_processed_/0/d/csm_ALN2670_Q1_WEB_AUDIT__HOUSEHOLD__1x1_228x128_2_bbfad0336b.jpg,30pk,$4.29,14c per tablet
Logix Platinum Dishwashing Tablets 40pk,https://www.aldi.com.au/fileadmin/_processed_/f/e/csm_ALN2670_Q1_WEB_AUDIT__HOUSEHOLD__1x1_228x128__d1513af66a.jpg,40pk,$7.69,19c per tablet
Atlas Kill & Protect High Performance Surface & Cockroach Spray 350g,https://www.aldi.com.au/fileadmin/_processed_/a/d/csm_ALN2364_AWARDS_HOUSEHOLD_1x1_228x128__c17879937f.jpg,350g,$2.69,77c per 100g
Atlas Kill & Protect Fast Knockdown Flying Insect Spray 300g,https://www.aldi.com.au/fileadmin/_processed_/c/a/csm_ALN2364_AWARDS_HOUSEHOLD_1x1_228x128_2_5f362f794e.jpg,300g,$2.39,80c per 100g
Just Organic Granola 500g Coconut & Chia,https://www.aldi.com.au/fileadmin/_processed_/2/b/csm_ALN2853_AWARDS_JUST-ORGANIC_1x1_228x128_6b9370a881.jpg,Chia,$4.99,90c per 100g
Just Organic Sun-Dried Thompson Seedless Raisins 375g,https://www.aldi.com.au/fileadmin/_processed_/8/e/csm_ALN2230_Q1_ORGANIC_1x1_228x128_13_b0a251a243.jpg,375g,$4.99,$10.64 per kg
Just Organic Extra Virgin Coconut Oil 300g,https://www.aldi.com.au/fileadmin/_processed_/7/7/csm_ALN2460_Q3_WEB_AUDIT_Just_Organic__1x1_228x128__bcf6122767.jpg,300g,$3.99,$1.33 per 100g
Just Organic Natural Coconut Flakes 200g,https://www.aldi.com.au/fileadmin/_processed_/2/a/csm_ALN1989_ORGANIC_1x1_33_47fd0e8f64.jpg,200g,$3.99,$19.95 per kg
Just Organic Toasted Coconut Flakes with Sea Salt 140g,https://www.aldi.com.au/fileadmin/_processed_/8/4/csm_ALN1989_ORGANIC_1x1_34_386d507624.jpg,140g,$3.79,$28.50 per kg
Just Organic Dark Chocolate with Sea Salt 100g,https://www.aldi.com.au/fileadmin/_processed_/4/0/csm_ALN2460_Q3_WEB_AUDIT_Chocolate__1x1_228x128__a35e410266.jpg,100g,$3.79,$2.79 per 100g
Just Organic Dark Chocolate 100g,https://www.aldi.com.au/fileadmin/_processed_/5/7/csm_ALN2460_Q3_WEB_AUDIT_Chocolate__1x1_228x128_2_476e50ad91.jpg,100g,$2.49,$2.79 per 100g
Just Organic Yogurt Assorted Varieties 70g,https://www.aldi.com.au/fileadmin/_processed_/b/0/csm_ALN2218_Q2_Just_Organic_Yogurt_Assorted_Varieties_70g_1x1_228x128_a9b6197036.jpg,70g,$2.69,$1.41 per 100g
Just Organic Yogurt Assorted Varieties 140g,https://www.aldi.com.au/fileadmin/_processed_/7/6/csm_ALN2218_Q2_Just_Organic_Yogurt_Assorted_Varieties_140g_1x1_228x128_01_5fe60a22d4.jpg,140g,9999,$1.06 per 100g
MAMIA® Unisex Junior Nappies 16kg-25kg 40pk,https://www.aldi.com.au/fileadmin/_processed_/5/c/csm_ALN3077_AWARD_NAPPIES_1x1_228x128_6_26cfa6aa0e.jpg,40pk,$9.99,25c per nappy
Mamia Baby Wipes 80pk Scented,https://www.aldi.com.au/fileadmin/_processed_/e/3/csm_ALN2147_1x1_BABYCARE_228x128_11_0696c97eb3.jpg,Scented,$1.89,$2.36 per 100 wipes
Mamia Baby Wipes 80pk Fragrance Free,https://www.aldi.com.au/fileadmin/_processed_/5/c/csm_ALN2147_1x1_BABYCARE_228x128_10_979bd6d5c5.jpg,Free,$1.89,$2.36 per 100 wipes
Mamia Premium Baby Wipes Fragrance Free 240pk,https://www.aldi.com.au/fileadmin/_processed_/a/f/csm_ALN1075_1x1_BABY_228x128_7_0bde3ee9ed.jpg,240pk,$7.69,$3.20 per 100 wipes
Mamia Baby Wipes 480pk Fragance free,https://www.aldi.com.au/fileadmin/_processed_/d/c/csm_ALN1075_1x1_BABY_228x128_16_1043a94144.jpg,free,$8.99,$1.87 per 100 wipes
Mamia Baby Wipes Embossed Fragrance Free 80pk,https://www.aldi.com.au/fileadmin/_processed_/8/6/csm_ALN1075_AWARDS_BABY_1x1_228x128_3_e251882b00.jpg,80pk,$2.69,$3.36 per 100 wipes
Mamia Baby Wipes Embossed Scented 80pk,https://www.aldi.com.au/fileadmin/_processed_/5/f/csm_ALN1075_AWARDS_BABY_1x1_228x128_4_be73fb2f2c.jpg,80pk,$2.69,$3.36 per 100 wipes
Power Force Pro Multi Purpose Cleaner 750ml,https://www.aldi.com.au/fileadmin/_processed_/8/f/csm_ALN2991_AWARDS_HOUSEHOLD_1x1_228x128_4_abbabb6b20.jpg,750ml,$1.79,24c per 100ml
Power Force Pro Bath & Shower Cleaner 750ml,https://www.aldi.com.au/fileadmin/_processed_/b/0/csm_ALN2853_AWARDS_HOUSEHOLD_1x1_228x128__ddce1e329c.jpg,750ml,$2.39,32c per 100ml
Power Force Pro Heavy Duty Cleaner 1.25L,https://www.aldi.com.au/fileadmin/_processed_/0/f/csm_ALN2853_AWARDS_HOUSEHOLD_1x1_228x128_2_3d36a4ff15.jpg,1.25L,$2.19,18c per 100ml
Tandil Ultra Dishwashing Liquid 450ml,https://www.aldi.com.au/fileadmin/_processed_/6/f/csm_ALN3077_AWARDS-LAUNDRY-HOUSEHOLD_1x1_228x128__15b73ca48b.jpg,450ml,$1.59,35c per 100ml
Power Force Pro Disinfectant Wipes 120pk,https://www.aldi.com.au/fileadmin/_processed_/6/7/csm_ALN2853_AWARDS_HOUSEHOLD_1x1_228x128_3_cd147d9a8f.jpg,120pk,$2.99,$2.50 per 100 wipes
Confidence Samson Paper Towel 3ply 3pk,https://www.aldi.com.au/fileadmin/_processed_/9/5/csm_ALN2364_HOUSEHOLD_1x1_228x128_7_3124977ae3.jpg,3pk,$2.99,$1.66 per 100 sheets ($1.00 per roll)
Confidence Toilet Tissue Hypoallgerenic 4ply 8pk,https://www.aldi.com.au/fileadmin/_processed_/f/5/csm_ALN2364_HOUSEHOLD_1x1_228x128_8_5bc08f7f42.jpg,8pk,$3.99,36c per 100 sheets (50c per roll)
